@article{kenichi1} {
url = "http://arxiv.org/abs/hep-ex/0207017"
}

@article{kenichi2} {
url = "http://physics.rockefeller.edu/michgall/FutureQCDTeV2004_slides.pdf"
}

@article{Klein1967399,
title = "Effets des rayonnements-γ sur les caracteristiques des scintillateurs organiques ",
journal = "The International Journal of Applied Radiation and Isotopes ",
volume = "18",
number = "6",
pages = "399 - 406",
year = "1967",
note = "",
issn = "0020-708X",
doi = "http://dx.doi.org/10.1016/0020-708X(67)90143-3",
url = "http://www.sciencedirect.com/science/article/pii/0020708X67901433",
author = "J. Klein and J. Gresset and F. Heisel and G. Laustriat",
}

@article{fsuliquid,
      author         = "Datte, P. and Dugeon, G. and {\it et al.}",
      title          = "{Effect of radiation-induced discoloration of the cladding on liquid scintillating fibers}",
      year           = "1990",
      publisher = {World Scientific Publishing Co Pte Ltd},
}


@article{contreras,
      author         = "Contreras, M. and Giokaris, N.D.",
      title          = "{Radiation Damage to SCSN23, SCSN81 and SCSN81+Y7}",
      year           = "1991",
      reportNumber   = "SDC-91-032",
      SLACcitation   = "%%CITATION = SDC-91-032 ETC.;%%",
}


@misc{chuck,
  author = "Charles Hurlbut, Eljen Technologies",
  howpublished = "private communication"
}


@misc{anna,
  author = "Anna Pla-Dalmau",
  howpublished = "private communication"
}


﻿@article {brown,
author = {Thomson, AJ},
title = {An introduction to spectroscopy for biochemists: Edited by S B Brown. Academic press, London. 1980. £16.60 ISBN 0-12-137080},
journal = {Biochemical Education},
volume = {9},
number = {1},
publisher = {Headington Hill Hall},
issn = {1879-1468},
url = {http://dx.doi.org/10.1016/0307-4412(81)90077-7},
doi = {10.1016/0307-4412(81)90077-7},
pages = {35--35},
year = {1981},
}


@article{weir,
title = "The effects of polymer degradation on plastic scintillators ",
journal = "The International Journal of Applied Radiation and Isotopes ",
volume = "23",
number = "8",
pages = "371 - 379",
year = "1972",
note = "",
issn = "0020-708X",
doi = "http://dx.doi.org/10.1016/0020-708X(72)90119-6",
url = "http://www.sciencedirect.com/science/article/pii/0020708X72901196",
author = "N.A. Weir"
}


@article{johnson,
title = "Temperature treatment of plastic scintillator affects radiation hardness ",
journal = "Nuclear Instruments and Methods in Physics Research Section A: Accelerators, Spectrometers, Detectors and Associated Equipment ",
volume = "301",
number = "2",
pages = "372 - 375",
year = "1991",
note = "",
issn = "0168-9002",
doi = "http://dx.doi.org/10.1016/0168-9002(91)90480-E",
url = "http://www.sciencedirect.com/science/article/pii/016890029190480E",
author = "K.F. Johnson and H.L. Whitaker"
}


@ARTICLE{bicken,
author={Bicken, B. and Dannemann, A. and Holm, U. and Neumann, T. and Wick, K.},
journal={Nuclear Science, IEEE Transactions on},
title={Influence of temperature treatment on radiation stability of plastic scintillator and wave-length shifter},
year={1992},
month={Oct},
volume={39},
number={5},
pages={1212-1216},
keywords={radiation effects;scintillation counters;PMMA;UV absorbants;Y-7;air;heating;plastic scintillator;polymethyl-methacrylate;polystyrene-based scintillator SCSN-38;radiation damage;radiation stability;temperature treatment;wave-length shifter;Absorption;Argon;Gases;Heat recovery;Heating;Machining;Plastics;Production;Stability;Temperature},
doi={10.1109/23.173180},
ISSN={0018-9499},}﻿

@article {todd,
author = {Todd, Audrey},
title = {The mechanisms of radiation-induced changes in vinyl polymers},
journal = {Journal of Polymer Science},
volume = {42},
number = {139},
publisher = {Interscience Publishers, Inc.},
issn = {1542-6238},
url = {http://dx.doi.org/10.1002/pol.1960.1204213925},
doi = {10.1002/pol.1960.1204213925},
pages = {223--247},
year = {1960},
}



@article{o2diffuse,
author = {Wang, Bojie and Ogilby, Peter R.},
title = {Activation barriers for oxygen diffusion in polystyrene and polycarbonate glasses: effects of codissolved argon, helium, and nitrogen},
journal = {Canadian Journal of Chemistry},
volume = {73},
number = {11},
pages = {1831-1840},
year = {1995},
doi = {10.1139/v95-226},
URL = {http://dx.doi.org/10.1139/v95-226},
eprint = {http://dx.doi.org/10.1139/v95-226}
}



@article{harrah,
author = {Harrah, L. A.},
title = {ESR of Radicals Produced in Co60 Gamma-Irradiated Polystyrene},
journal = {Molecular Crystals},
volume = {9},
number = {1},
pages = {197-210},
year = {1969},
doi = {10.1080/15421406908082739},
URL = {http://dx.doi.org/10.1080/15421406908082739},
eprint = {http://dx.doi.org/10.1080/15421406908082739}
}



@ARTICLE{zornliquid,
author={Zorn, C. and Majewski, S. and Wojcik, R. and Hurlbut, C. and Moser, W.},
journal={Nuclear Science, IEEE Transactions on},
title={Preliminary study of radiation damage in liquid scintillators},
year={1990},
month={Apr},
volume={37},
number={2},
pages={487-491},
keywords={gamma-ray effects;scintillation counters;60Co;gamma source;liquid scintillators;long samples;plastic scintillators;pulse height;radiation damage;radiation resistance;radiation-induced absorption;secondary fluor;transmission;Containers;Delay;Displays;Electromagnetic wave absorption;Fluorescence;Optical pulses;Optical saturation;Physics;Plastics;Stimulated emission},
doi={10.1109/23.106666},
ISSN={0018-9499},}


@ARTICLE{173178,
author={Bross, A.D. and Pla-Dalmau, A.},
journal={Nuclear Science, IEEE Transactions on},
title={Radiation damage of plastic scintillators},
year={1992},
month={Oct},
volume={39},
number={5},
pages={1199-1204},
keywords={radiation effects;scintillation counters;O;O annealing;O diffusion rate;annealing;annealing rate;free radicals;irradiations;light yield;permanent radiation-induced absorption;plastic scintillators;polystyrene;polystyrene-based plastic scintillators;transmittance;Annealing;Argon;Hydrogen;Laboratories;Performance evaluation;Plastics;Polymers;Purification;Radiation detectors;Thermal degradation},
doi={10.1109/23.173178},
ISSN={0018-9499},}

@article{Bodmann2003495,
title = "\{LET\} effects of neutron irradiated plastic scintillators ",
journal = "Nuclear Instruments and Methods in Physics Research Section B: Beam Interactions with Materials and Atoms ",
volume = "208",
number = "0",
pages = "495 - 499",
year = "2003",
note = "Ionizing Radiation and Polymers ",
issn = "0168-583X",
doi = "http://dx.doi.org/10.1016/S0168-583X(03)00664-5",
url = "http://www.sciencedirect.com/science/article/pii/S0168583X03006645",
author = "B. Bodmann and S. GÃ¶b and U. Holm",
keywords = "Neutron irradiation",
keywords = "Plastic scintillators",
keywords = "Optical damage",
keywords = "\{LET\} effects",
keywords = "\{ESR\}",
keywords = "Radicals "
}



@article{Bodmann2001299,
title = "Neutron-irradiated plastic scintillators ",
journal = "Nuclear Instruments and Methods in Physics Research Section B: Beam Interactions with Materials and Atoms ",
volume = "185",
number = "1–4",
pages = "299 - 304",
year = "2001",
note = "",
issn = "0168-583X",
doi = "http://dx.doi.org/10.1016/S0168-583X(01)00762-5",
url = "http://www.sciencedirect.com/science/article/pii/S0168583X01007625",
author = "B Bodmann and U Holm",
keywords = "Neutron irradiation",
keywords = "Plastic scintillators",
keywords = "Optical damage",
keywords = "\{LET\} effects "
}


@article{Wulkop1995141,
title = "Evidence for the creation of short-lived absorption centers in irradiated scintillators ",
journal = "Nuclear Instruments and Methods in Physics Research Section B: Beam Interactions with Materials and Atoms ",
volume = "95",
number = "1",
pages = "141 - 143",
year = "1995",
note = "",
issn = "0168-583X",
doi = "http://dx.doi.org/10.1016/0168-583X(94)00435-8",
url = "http://www.sciencedirect.com/science/article/pii/0168583X94004358",
author = "B. Wulkop and K. Wick and W. Busjan and A. Dannemann and U. Holm"
}


@ARTICLE{467829,
author={Buss, G. and Dannemann, A. and Holm, U. and Wick, K.},
journal={Nuclear Science, IEEE Transactions on},
title={Radiation damage by neutrons to plastic scintillators},
year={1995},
month={Aug},
volume={42},
number={4},
pages={315-319},
keywords={dosimetry;fluorescence;gamma-ray detection;gamma-ray effects;neutron detection;neutron effects;radiation monitoring;scintillation;solid scintillation detectors;γ-field;2 to 105 kGy;GS218 light guide;SCSN38 scintillator;Y7 wavelength shifter;alanine dosimeters;dose measurements;fast neutrons;fluorescence;mixed radiation field;neutron radiation damage;plastic scintillators;polymethylmethacrylate matrix;polystyrene based scintillator;pool reactor;pure PMMA light guide;transmission;Amino acids;Fluorescence;Inductors;Ionizing radiation;Large Hadron Collider;Neutrons;Optical scattering;Paramagnetic resonance;Plastics;Wavelength measurement},
doi={10.1109/23.467829},
ISSN={0018-9499},}


@ARTICLE{173180,
author={Bicken, B. and Dannemann, A. and Holm, U. and Neumann, T. and Wick, K.},
journal={Nuclear Science, IEEE Transactions on},
title={Influence of temperature treatment on radiation stability of plastic scintillator and wave-length shifter},
year={1992},
month={Oct},
volume={39},
number={5},
pages={1212-1216},
keywords={radiation effects;scintillation counters;PMMA;UV absorbants;Y-7;air;heating;plastic scintillator;polymethyl-methacrylate;polystyrene-based scintillator SCSN-38;radiation damage;radiation stability;temperature treatment;wave-length shifter;Absorption;Argon;Gases;Heat recovery;Heating;Machining;Plastics;Production;Stability;Temperature},
doi={10.1109/23.173180},
ISSN={0018-9499},}


@ARTICLE{289295,
author={Bicken, B. and Holm, U. and Marckmann, T. and Wick, K. and Rohde, M.},
journal={Nuclear Science, IEEE Transactions on},
title={Recovery and permanent radiation damage of plastic scintillators at different dose rates},
year={1991},
month={Apr},
volume={38},
number={2},
pages={188-193},
keywords={calorimeters;gamma-ray effects;proton effects;scintillation counters;60Co source;K-27;PMMA;SCSN-38;Y-7;ZEUS detector;absorption coefficient;absorption length;calorimeter;depleted;dose rates;light yield;permanent radiation damage;plastic scintillators;polymethyl methacrylate;polystyrene-based scintillator;protons;radiation hardness;radiation stability;wavelength shifters;Absorption;Atmospheric measurements;Atmospheric waves;Gas detectors;Length measurement;Plastics;Protons;Radiation detectors;Stability;Wavelength measurement},
doi={10.1109/23.289295},
ISSN={0018-9499},}


@article{Wick1991472,
title = "Recovery and dose rate dependence of radiation damage in scintillators, wavelength shifters and light guides ",
journal = "Nuclear Instruments and Methods in Physics Research Section B: Beam Interactions with Materials and Atoms ",
volume = "61",
number = "4",
pages = "472 - 486",
year = "1991",
note = "",
issn = "0168-583X",
doi = "http://dx.doi.org/10.1016/0168-583X(91)95325-8",
url = "http://www.sciencedirect.com/science/article/pii/0168583X91953258",
author = "K. Wick and D. Paul and P. SchrÃ¶der and V. Stieber and B. Bicken"
}

@ARTICLE{34504,
author={Holm, U. and Wick, K.},
journal={Nuclear Science, IEEE Transactions on},
title={Radiation stability of plastic scintillators and wave-length shifters},
year={1989},
month={Feb},
volume={36},
number={1},
pages={579-583},
keywords={gamma-ray effects;plastics;scintillation counters;HERA;SCSN-38;ZEUS detector;absorption length;calorimeter;light yield;permanent damages;plastic scintillators;radiation stability;recovery;wave-length shifters;Atmospheric measurements;Electromagnetic wave absorption;Gamma ray detection;Gamma ray detectors;Gas detectors;Length measurement;Plastics;Protons;Radiation detectors;Stability},
doi={10.1109/23.34504},
ISSN={0018-9499},}


@article{birksblack,
  author={J B Birks and F A Black},
  title={Deterioration of Anthracene under Î±-Particle Irradiation},
  journal={Proceedings of the Physical Society. Section A},
  volume={64},
  number={5},
  pages={511},
  url={http://stacks.iop.org/0370-1298/64/i=5/a=112},
  year={1951},
  abstract={}
}


@article{berlman,
year={1958},
journal={Radiological Physics Division Semiannula Report for July through December 1957},
title={The effect of massive Co$^{60}$ doses on the light output of a scintillator solution},
url={http://www.osti.gov/scitech/biblio/4337369},
reportNumber   = "ANL-5829",
publisher={Argonne National Lab., Lemont, Ill.},
author={I.B. berlman}
}


@article{rosmanzimmer,
year={1957},
issn={0038-531x},
journal={The Soviet Journal of Atomic Energy},
volume={2},
number={1},
doi={10.1007/BF01480707},
title={Damage to plastic scintillators by ionizing radiation},
url={http://dx.doi.org/10.1007/BF01480707},
publisher={Kluwer Academic Publishers},
author={Rosman, I.M. and Zimmer, K.G.},
pages={57-62},
language={English}
}

@MISC{stgobain,
      howpublished = "http://www.crystals.saint-gobain.com/Plastic\_Scintillation.aspx"
      }

@MISC{kuraray,
      howpublished = "http://kuraraypsf.jp/psf/"
      }

@MISC{eljen,
      howpublished = "http://www.eljentechnology.com/index.php/products/plastic-scintillators"
      }


@book{birks,
      title         = "{The Theory and Practice of Scintillation Counting}",
      author        = "J.B. ~Birks",
      publisher     = "Pergamon Press, The Macmillan Company",
      address       = "New York",
      series        = "International Series of Monographs on Electronics and Instrumentation, Volume 27",
      year          = "1964",
      ISBN          = "1483123642",
}

@book{HCALTDR1997,
      title         = "{The CMS hadron calorimeter project: Technical Design
                       Report}",
      publisher     = "CERN",
      collaboration = "CMS Collaboration",
      address       = "Geneva",
      series        = "Technical Design Report CMS",
      year          = "1997",
      ISBN          = "9789290831099",
}

@article{Ball:2007zza,
      author         = "Bayatian, G.L. and others",
      title          = "{CMS technical design report, volume II: Physics
                        performance}",
      collaboration  = "CMS Collaboration",
      journal        = "J.Phys.",
      volume         = "G34",
      pages          = "995-1579",
      doi            = "10.1088/0954-3899/34/6/S01",
      year           = "2007",
      reportNumber   = "CERN-LHCC-2006-021, CMS-TDR-008-2",
      SLACcitation   = "%%CITATION = CERN-LHCC-2006-021 ETC.;%%",
}

@article{Ferrari:2005zk,
      author         = "Ferrari, Alfredo and Sala, Paola R. and Fasso, Alberto
                        and Ranft, Johannes",
      title          = "{FLUKA: A multi-particle transport code (Program version
                        2005)}",
      year           = "2005",
      reportNumber   = "CERN-2005-010, SLAC-R-773, INFN-TC-05-11",
      SLACcitation   = "%%CITATION = CERN-2005-010 ETC.;%%",
}

@article{Battistoni:2007zzb,
      author         = "Battistoni, Giuseppe and Muraro, S. and Sala, Paola R.
                        and Cerutti, Fabio and Ferrari, A. and others",
      title          = "{The FLUKA code: Description and benchmarking}",
      journal        = "AIP Conf.Proc.",
      volume         = "896",
      pages          = "31-49",
      doi            = "10.1063/1.2720455",
      year           = "2007",
      reportNumber   = "SLAC-REPRINT-2007-184",
      SLACcitation   = "%%CITATION = APCPC,896,31;%%",
}


@inproceedings{Marchant:2010,
      author         = "Marchant, J. M. and others",
      title          = "{Liquid-based scintillators for particle physics}",
      doi            = "10.1109/NSSMIC.2010.5873708",
      pages          = "10-13",
      booktitle      = "Nuclear Science Symposium Conference Record (NSS/MIC)",
      year           = "Knoxville, TN, October 30 - November 6, 2010"
}

@article{Puseljic:1990gw,
      author         = "Puseljic, D. and Baumbaugh, B. and Ditmire, T. and
                        Kennedy, C. and Ruchti, R. and others",
      title          = "{Liquid capillary scintillation detectors}",
      journal        = "IEEE Trans.Nucl.Sci.",
      volume         = "37",
      pages          = "139-143",
      doi            = "10.1109/23.106606",
      year           = "1990",
      SLACcitation   = "%%CITATION = IETNA,37,139;%%",
}


@article{CMS-DP-2013-025,
      title         = "{Measurement of Radiation Damage in HF and HE observed in 2011 and 2012 data}",
      collaboration = "CMS Collaboration",
      month         = "Oct",
      year          = "2013",
      howpublished           = "{}"
}



@article{Biagtan1996125,
title = "Gamma dose and dose rate effects on scintillator light output ",
journal = "Nuclear Instruments and Methods in Physics Research Section B: Beam Interactions with Materials and Atoms ",
volume = "108",
number = "1–2",
pages = "125 - 128",
year = "1996",
note = "",
issn = "0168-583X",
doi = "http://dx.doi.org/10.1016/0168-583X(95)00874-8",
howpublished = "http://www.sciencedirect.com/science/article/pii/0168583X95008748",
author = "E. Biagtan and E. Goldberg and R. Stephens and E. Valeroso and J. Harmon"
}


@article{Wick2001341,
title = "Unexpected behaviour of polystyrene-based scintillating fibers during irradiation at low doses and low dose rates ",
journal = "Nuclear Instruments and Methods in Physics Research Section B: Beam Interactions with Materials and Atoms ",
volume = "185",
number = "1–4",
pages = "341 - 345",
year = "2001",
note = "",
issn = "0168-583X",
doi = "http://dx.doi.org/10.1016/S0168-583X(01)00776-5",
howpublished = "http://www.sciencedirect.com/science/article/pii/S0168583X01007765",
author = "K Wick and T Zoufal",
keywords = "Radiation resistance",
keywords = "Scintillating fibers",
keywords = "Optical absorption centers "
}



@article{Blaha2004805,
title = "Scintillating fibers for particle physics experiments—on-line-induced absorption measurements in gamma radiation field ",
journal = "Radiation Measurements ",
volume = "38",
number = "4–6",
pages = "805 - 808",
year = "2004",
note = "Proceedings of the 5th European Conference on Luminescent Detectors and Transformers of Ionizing Radiation (LUMDETR 2003)",
issn = "1350-4487",
doi = "http://dx.doi.org/10.1016/j.radmeas.2004.04.005",
howpublished = "http://www.sciencedirect.com/science/article/pii/S1350448704001246",
author = "Jan Blaha and Miroslav Finger and Miloslav Slune\v{c}ka and Miroslav \v{S}ulc and Miroslav Vognar",
keywords = "Scintillating fibers",
keywords = "Optical absorption centers",
keywords = "Radiation damage "
}

@article{Dunn1993225,
title = "Neutron/photon damage assessment of commercial plastic scintillating fibers ",
journal = "Radiation Physics and Chemistry ",
volume = "41",
number = "1–2",
pages = "225 - 236",
year = "1993",
note = "",
issn = "0969-806X",
doi = "http://dx.doi.org/10.1016/0969-806X(93)90060-8",
howpublished = "http://www.sciencedirect.com/science/article/pii/0969806X93900608",
author = "W.L. Dunn and T.S. Elleman and A. Grimes and S. Reucroft and T. Yasuda",
keywords = "Plastic scintillating fibers",
keywords = "neutrons",
keywords = "fluence",
keywords = "attenuation length",
keywords = "radiation damage "
}


@article{Agostinelli2003250,
title = "Geant4—a simulation toolkit ",
journal = "Nuclear Instruments and Methods in Physics Research Section A: Accelerators, Spectrometers, Detectors and Associated Equipment ",
volume = "506",
number = "3",
pages = "250 - 303",
year = "2003",
note = "",
issn = "0168-9002",
doi = "http://dx.doi.org/10.1016/S0168-9002(03)01368-8",
howpublished = "http://www.sciencedirect.com/science/article/pii/S0168900203013688",
author = "S. Agostinelli and others",
keywords = "Simulation",
keywords = "Particle interactions",
keywords = "Geometrical modelling",
keywords = "Software engineering",
keywords = "Object-oriented technology",
keywords = "Distributed software development "
}
@article{Allison:2006ve,
      author         = "Allison, John and Amako, K. and Apostolakis, J. and
                        Araujo, H. and Dubois, P.A. and others",
      title          = "{Geant4 developments and applications}",
      journal        = "IEEE Trans.Nucl.Sci.",
      volume         = "53",
      pages          = "270",
      doi            = "10.1109/TNS.2006.869826",
      year           = "2006",
      reportNumber   = "SLAC-PUB-11870",
      SLACcitation   = "%%CITATION = IETNA,53,270;%%",
}

@article{Gentit:2001ky,
      author         = "Gentit, F.X.",
      title          = "{Litrani: A General purpose Monte Carlo program
                        simulating light propagation in isotropic or anisotropic
                        media}",
      journal        = "Nucl.Instrum.Meth.",
      volume         = "A486",
      pages          = "35-39",
      doi            = "10.1016/S0168-9002(02)00671-X",
      year           = "2002",
      reportNumber   = "DAPNIA-SPP-01-13",
      SLACcitation   = "%%CITATION = NUIMA,A486,35;%%",
}


@inbook{sauli,
author = {Carl Zorn},
title = {Plastic and Liquid Organic Scintillators},
booktitle = {Instrumentation in High Energy Physics},
chapter = {4},
pages = {218-279},
doi = {10.1142/9789814360333_0004},
URL = {http://www.worldscientific.com/doi/abs/10.1142/9789814360333_0004},
eprint = {http://www.worldscientific.com/doi/pdf/10.1142/9789814360333_0004}
}

@article{Bross1990315,
title = "Development of intrinsic \{IPT\} scintillator ",
journal = "Nuclear Instruments and Methods in Physics Research Section A: Accelerators, Spectrometers, Detectors and Associated Equipment ",
volume = "295",
number = "3",
pages = "315 - 322",
year = "1990",
note = "",
issn = "0168-9002",
doi = "http://dx.doi.org/10.1016/0168-9002(90)90707-D",
url = "http://www.sciencedirect.com/science/article/pii/016890029090707D",
author = "Allan D. Bross",
abstract = "We report on the development of new plastic scintillators. Optical absorption, fluorescence and light output measurements are presented. Preliminary results on radiation damage effects are also given and compared to the effects on a commercial plastic scintillator, \{NE\} 110. "
}


@article{kauffman,
      author         = "Kauffman, J.M.",
      title          = "Design of Radiation Hard Fluors",
      pages          = "677-740",
      editor         = "Anderson, D.",
      title          = "{Scintillating fiber detector development for the SSC.
                        Proceedings, Workshop, Batavia, USA, November 14-16, 1988.
                        Vol. 1, 2}",
      year           = "1988",
      SLACcitation   = "%%CITATION = INSPIRE-274657;%%",
}


@INPROCEEDINGS{zorn2,
author={Zorn, C. and Kross, B. and Majewski, S. and Wojcik, R. and Johnson, K.F.},
booktitle={Nuclear Science Symposium and Medical Imaging Conference, 1991., Conference Record of the 1991 IEEE},
title={Results of a low dose rate irradiation of selected plastic scintillating fibers},
year={1991},
month={Nov},
pages={1498-1504 vol.3},
keywords={gamma-ray effects;light transmission;polymers;scintillation counters;1 mm;150 cm;Ar;O/sub 2/;SCSF-Y8;low dose rate irradiation;plastic scintillating fibers;radiation damage;transmission characteristics;Argon;Displays;Electron accelerators;Electron beams;Large Hadron Collider;Optical fibers;Optical refraction;Optical waveguides;Plastics;Radiation detectors},
doi={10.1109/NSSMIC.1991.259159},}

@article{Bross199135,
title = "Development and characterization of new scintillation materials for fiber tracking and calorimetry ",
journal = "Nuclear Instruments and Methods in Physics Research Section A: Accelerators, Spectrometers, Detectors and Associated Equipment ",
volume = "307",
number = "1",
pages = "35 - 46",
year = "1991",
note = "",
issn = "0168-9002",
doi = "http://dx.doi.org/10.1016/0168-9002(91)90128-D",
url = "http://www.sciencedirect.com/science/article/pii/016890029190128D",
author = "A.D. Bross and A. Pla-Dalmau and B. Baumbaugh and J. Godfrey and J. Jaques and J. Marchant and J. Piekarz and R. Ruchti"
}



@ARTICLE{zorn3,
author={Zorn, C. and Majewski, S. and Wojcik, R. and Johnson, K.F.},
journal={Nuclear Science, IEEE Transactions on},
title={Progress in the design of a radiation-hard plastic scintillator},
year={1991},
month={Apr},
volume={38},
number={2},
pages={194-199},
keywords={radiation effects;scintillation counters;detector system;optical fibres;plates;radiation damage;radiation resistance;radiation-hard plastic scintillator;radiation-tolerant plastic bases;wavelength shifting;Annealing;Chemistry;Detectors;Europe;Large Hadron Collider;Linear particle accelerator;Logistics;Physics;Plastics;Testing},
doi={10.1109/23.289296},
ISSN={0018-9499},}


@article{forster,
author = "T. Forster",
journal = "Z. Naturforsch. ",
volume = "a4",
pages = "321",
year = "1949",
}


% doping concentration and light yield
@article{hinrichs,
title = "Uber die Lumineszenz in hochpolymeren substanzen. I ",
author = "Von H. Hinrichs",
journal = "Z. Naturforsch. ",
volume = "9a",
pages = "617",
year = "1954",
}


@article{Johnson:1990hr,
      author         = "Johnson, K.F. and Majewski, S. and Zorn, C. and Zorn, M.
                        and Hertzog, D.",
      title          = "{High dose calorimetry with scintillating fibers}",
      journal        = "IEEE Trans.Nucl.Sci.",
      volume         = "37",
      pages          = "500-503",
      doi            = "10.1109/23.106668",
      year           = "1990",
      SLACcitation   = "%%CITATION = IETNA,37,500;%%",
}



 @article{Majewski1989500,
title = "Radiation damage studies in plastic scintillators with a 2.5-MeV electron beam ",
journal = "Nuclear Instruments and Methods in Physics Research Section A: Accelerators, Spectrometers, Detectors and Associated Equipment ",
volume = "281",
number = "3",
pages = "500 - 507",
year = "1989",
note = "",
issn = "0168-9002",
doi = "http://dx.doi.org/10.1016/0168-9002(89)91483-6",
url = "http://www.sciencedirect.com/science/article/pii/0168900289914836",
author = "Stan Majewski and Margaret Bowen and Carl Zorn and Kurtis Johnson and Vasken Hagopian and James Thomaston and Horst Wahl"
}

% liquids

@article{McAshan:1989ft,
      author         = "McAshan, Michael S.",
      editor         = "McAshan, Michael S.",
      title          = "{Supercollider 1}",
      year           = "d1989",
      SLACcitation   = "%%CITATION = INSPIRE-290383;%%",
}

 @book{white,
  title="A Liquid Scintillator Spaghetti Calorimeter EM Module for Forward Calorimetry at the SSC",
  author="J. White et al.",
  note={Proceedings of the Symposium on Detector Research and Development for the Surperconducting Super Collider, October 15-18, 1990, Fort Worth, Texas},
  editor={Kelly, V. and Dombeck, T. and Yost, G.P. and Superconducting Super Collider Laboratory and United States. Dept. of Energy and Universities Research Association (U.S.)},
  isbn={9789810204457},
  lccn={91011834},
  url={https://books.google.com/books?id=yy90QgAACAAJ},
  year={1991},
  publisher={World Scientific}
}



@inbook{clough,
author = {R. Clough},
title = {Radiation-Resistant Polymers},
booktitle = {Encyclopedia of Polymer Science and Engineering, Vol. 13},
pages = {667-709},
publisher={John Wiley and Sons},
year={1988}
}
